<?xml version = "1.0" encoding = "UTF-8"?><record>
  <leader>01105naa#a2200301#c#4500</leader>
  <controlfield tag="005">20210408171759.0</controlfield>
  <controlfield tag="007">tu</controlfield>
  <controlfield tag="008">041208|2004####gw############|||#|#ger#c</controlfield>
  <controlfield tag="003">DE-605</controlfield>
  <controlfield tag="001">990133461580206441</controlfield>
  <datafield tag="035" ind1=" " ind2=" ">
    <subfield code="a">(DE-605)HT014215912</subfield>
  </datafield>
  <datafield tag="040" ind1=" " ind2=" ">
    <subfield code="a">6</subfield>
    <subfield code="b">ger</subfield>
    <subfield code="e">rakwb</subfield>
  </datafield>
  <datafield tag="041" ind1=" " ind2=" ">
    <subfield code="a">ger</subfield>
  </datafield>
  <datafield tag="044" ind1=" " ind2=" ">
    <subfield code="c">XA-DE</subfield>
  </datafield>
  <datafield tag="084" ind1=" " ind2=" ">
    <subfield code="a">Nordrhein-Westfalen</subfield>
    <subfield code="0">https://nwbib.de/spatial#N01</subfield>
    <subfield code="2">nwbib</subfield>
  </datafield>
  <datafield tag="084" ind1=" " ind2=" ">
    <subfield code="a">Geschichte</subfield>
    <subfield code="0">https://nwbib.de/subjects#N240000</subfield>
    <subfield code="2">nwbib</subfield>
  </datafield>
  <datafield tag="100" ind1="1" ind2=" ">
    <subfield code="a">L&#252;ken, Sven</subfield>
    <subfield code="4">aut</subfield>
  </datafield>
  <datafield tag="245" ind1="1" ind2="0">
    <subfield code="a">Karl der Gro&#223;e und sein Bild</subfield>
    <subfield code="c">Sven L&#252;ken</subfield>
  </datafield>
  <datafield tag="264" ind1=" " ind2="1">
    <subfield code="c">2004</subfield>
    <subfield code="a"> </subfield>
  </datafield>
  <datafield tag="500" ind1=" " ind2=" ">
    <subfield code="a">In: Karl der Gro&#223;e und Europa / hrsg. von der Schweizerischen Botschaft in der Bundesrepublik Deutschland ... - Frankfurt am Main [u.a.], 2004. - S. 67-86 : Ill.</subfield>
    <subfield code="9">F:525</subfield>
  </datafield>
  <datafield tag="689" ind1="0" ind2="0">
    <subfield code="a">Karl</subfield>
    <subfield code="b">I.</subfield>
    <subfield code="c">Heiliges R&#246;misches Reich, Kaiser</subfield>
    <subfield code="d">747-814</subfield>
    <subfield code="D">p</subfield>
    <subfield code="0">(DE-588)118560034</subfield>
    <subfield code="0">(uri) https://portal.dnb.de/opac.htm?method=simpleSearch&amp;cqlMode=true&amp;query=idn=118560034</subfield>
    <subfield code="0">(uri) http://viaf.org/viaf/sourceID/DNB|118560034</subfield>
    <subfield code="B">GND-118560034</subfield>
  </datafield>
  <datafield tag="689" ind1="0" ind2="1">
    <subfield code="a">Herrscherbild</subfield>
    <subfield code="D">s</subfield>
    <subfield code="0">(DE-588)4159648-1</subfield>
    <subfield code="0">(uri) https://portal.dnb.de/opac.htm?method=simpleSearch&amp;cqlMode=true&amp;query=idn=04159648X</subfield>
    <subfield code="0">(uri) http://viaf.org/viaf/sourceID/DNB|04159648X</subfield>
    <subfield code="B">GND-04159648X</subfield>
  </datafield>
  <datafield tag="689" ind1="0" ind2="2">
    <subfield code="a">Geschichte</subfield>
    <subfield code="A">z</subfield>
  </datafield>
  <datafield tag="773" ind1="0" ind2="8">
    <subfield code="i">Enthalten in</subfield>
    <subfield code="d"> 2004</subfield>
    <subfield code="w">(DE-605)HT014168843</subfield>
  </datafield>
  <datafield tag="960" ind1="1" ind2=" ">
    <subfield code="n">NWBib-6</subfield>
  </datafield>
  <datafield tag="964" ind1="0" ind2="s">
    <subfield code="F">030</subfield>
    <subfield code="A">a|1uc||||||17</subfield>
  </datafield>
  <datafield tag="964" ind1="0" ind2="s">
    <subfield code="F">050</subfield>
    <subfield code="A">a|||||||||||||</subfield>
  </datafield>
  <datafield tag="964" ind1="0" ind2="s">
    <subfield code="F">051</subfield>
    <subfield code="A">at||||||</subfield>
  </datafield>
  <datafield tag="MBD" ind1=" " ind2=" ">
    <subfield code="M">49HBZ_NETWORK</subfield>
    <subfield code="i">990133461580206441</subfield>
    <subfield code="n">HBZ Network</subfield>
  </datafield>
  <datafield tag="MNG" ind1=" " ind2=" ">
    <subfield code="c">System</subfield>
    <subfield code="f">ILS</subfield>
    <subfield code="i">marc21</subfield>
    <subfield code="k">01</subfield>
    <subfield code="e">false</subfield>
    <subfield code="d">2021-07-29 05:10:45 Europe/Berlin</subfield>
    <subfield code="g">013346158-HBZ01</subfield>
    <subfield code="j">60</subfield>
    <subfield code="a">import</subfield>
    <subfield code="b">2021-04-05 08:44:10 Europe/Berlin</subfield>
  </datafield>
  <datafield tag="GSI" ind1="7" ind2=" ">
    <subfield code="a">4159648-1</subfield>
    <subfield code="0">http://d-nb.info/gnd/4159648-1</subfield>
    <subfield code="2">gnd</subfield>
    <subfield code="A">GND</subfield>
    <subfield code="B">GND-04159648X</subfield>
    <subfield code="C">024</subfield>
  </datafield>
  <datafield tag="GPN" ind1="0" ind2=" ">
    <subfield code="a">Karl</subfield>
    <subfield code="b">I.</subfield>
    <subfield code="c">R&#246;mischer Kaiser</subfield>
    <subfield code="d">747-814</subfield>
    <subfield code="A">GND</subfield>
    <subfield code="B">GND-118560034</subfield>
    <subfield code="C">400</subfield>
  </datafield>
  <datafield tag="GPN" ind1="0" ind2=" ">
    <subfield code="a">Carl</subfield>
    <subfield code="b">I.</subfield>
    <subfield code="c">Heiliges R&#246;misches Reich, Kaiser</subfield>
    <subfield code="d">747-814</subfield>
    <subfield code="A">GND</subfield>
    <subfield code="B">GND-118560034</subfield>
    <subfield code="C">400</subfield>
  </datafield>
  <datafield tag="GPN" ind1="0" ind2=" ">
    <subfield code="a">Carolus</subfield>
    <subfield code="c">Magnus</subfield>
    <subfield code="d">747-814</subfield>
    <subfield code="A">GND</subfield>
    <subfield code="B">GND-118560034</subfield>
    <subfield code="C">400</subfield>
  </datafield>
  <datafield tag="GPN" ind1="0" ind2=" ">
    <subfield code="a">Karolus</subfield>
    <subfield code="c">Magnus</subfield>
    <subfield code="d">747-814</subfield>
    <subfield code="A">GND</subfield>
    <subfield code="B">GND-118560034</subfield>
    <subfield code="C">400</subfield>
  </datafield>
  <datafield tag="GPN" ind1="0" ind2=" ">
    <subfield code="a">Charlemagne</subfield>
    <subfield code="d">747-814</subfield>
    <subfield code="A">GND</subfield>
    <subfield code="B">GND-118560034</subfield>
    <subfield code="C">400</subfield>
  </datafield>
  <datafield tag="GPN" ind1="0" ind2=" ">
    <subfield code="a">Carl</subfield>
    <subfield code="c">der Gro&#223;e</subfield>
    <subfield code="d">747-814</subfield>
    <subfield code="A">GND</subfield>
    <subfield code="B">GND-118560034</subfield>
    <subfield code="C">400</subfield>
  </datafield>
  <datafield tag="GPN" ind1="0" ind2=" ">
    <subfield code="a">Carolus</subfield>
    <subfield code="b">I.</subfield>
    <subfield code="c">Germania, Imperator</subfield>
    <subfield code="d">747-814</subfield>
    <subfield code="A">GND</subfield>
    <subfield code="B">GND-118560034</subfield>
    <subfield code="C">400</subfield>
  </datafield>
  <datafield tag="GPN" ind1="0" ind2=" ">
    <subfield code="a">Karl</subfield>
    <subfield code="c">der Gro&#223;e</subfield>
    <subfield code="d">747-814</subfield>
    <subfield code="A">GND</subfield>
    <subfield code="B">GND-118560034</subfield>
    <subfield code="C">400</subfield>
  </datafield>
  <datafield tag="GPN" ind1="0" ind2=" ">
    <subfield code="a">Carolus</subfield>
    <subfield code="b">I.</subfield>
    <subfield code="c">Imperium Romanum-Germanicum, Imperator</subfield>
    <subfield code="d">747-814</subfield>
    <subfield code="A">GND</subfield>
    <subfield code="B">GND-118560034</subfield>
    <subfield code="C">400</subfield>
  </datafield>
  <datafield tag="GPN" ind1="0" ind2=" ">
    <subfield code="a">Karl Suur</subfield>
    <subfield code="d">747-814</subfield>
    <subfield code="9">v:est</subfield>
    <subfield code="A">GND</subfield>
    <subfield code="B">GND-118560034</subfield>
    <subfield code="C">400</subfield>
  </datafield>
  <datafield tag="GPN" ind1="0" ind2=" ">
    <subfield code="a">Karolis Didysis</subfield>
    <subfield code="d">747-814</subfield>
    <subfield code="9">v:lit</subfield>
    <subfield code="A">GND</subfield>
    <subfield code="B">GND-118560034</subfield>
    <subfield code="C">400</subfield>
  </datafield>
  <datafield tag="GPN" ind1="0" ind2=" ">
    <subfield code="a">K&#257;rlis Lielais</subfield>
    <subfield code="d">747-814</subfield>
    <subfield code="9">v:lav</subfield>
    <subfield code="A">GND</subfield>
    <subfield code="B">GND-118560034</subfield>
    <subfield code="C">400</subfield>
  </datafield>
  <datafield tag="GPN" ind1="0" ind2=" ">
    <subfield code="a">Karol Wielki</subfield>
    <subfield code="d">747-814</subfield>
    <subfield code="9">v:pol</subfield>
    <subfield code="A">GND</subfield>
    <subfield code="B">GND-118560034</subfield>
    <subfield code="C">400</subfield>
  </datafield>
  <datafield tag="GPN" ind1="0" ind2=" ">
    <subfield code="a">Karel Velik&#253;</subfield>
    <subfield code="d">747-814</subfield>
    <subfield code="9">v:cze</subfield>
    <subfield code="A">GND</subfield>
    <subfield code="B">GND-118560034</subfield>
    <subfield code="C">400</subfield>
  </datafield>
  <datafield tag="GPN" ind1="0" ind2=" ">
    <subfield code="a">Carlo</subfield>
    <subfield code="c">Magno</subfield>
    <subfield code="d">747-814</subfield>
    <subfield code="A">GND</subfield>
    <subfield code="B">GND-118560034</subfield>
    <subfield code="C">400</subfield>
  </datafield>
  <datafield tag="GPN" ind1="0" ind2=" ">
    <subfield code="a">Karl</subfield>
    <subfield code="c">R&#246;misches Reich, Kaiser I.</subfield>
    <subfield code="d">747-814</subfield>
    <subfield code="A">GND</subfield>
    <subfield code="B">GND-118560034</subfield>
    <subfield code="C">400</subfield>
  </datafield>
  <datafield tag="GPN" ind1="0" ind2=" ">
    <subfield code="a">Carolus</subfield>
    <subfield code="c">der Gro&#223;e</subfield>
    <subfield code="d">747-814</subfield>
    <subfield code="A">GND</subfield>
    <subfield code="B">GND-118560034</subfield>
    <subfield code="C">400</subfield>
  </datafield>
  <datafield tag="GPN" ind1="0" ind2=" ">
    <subfield code="a">Karlmeinet</subfield>
    <subfield code="d">747-814</subfield>
    <subfield code="A">GND</subfield>
    <subfield code="B">GND-118560034</subfield>
    <subfield code="C">400</subfield>
  </datafield>
  <datafield tag="GPN" ind1="0" ind2=" ">
    <subfield code="a">Charles</subfield>
    <subfield code="c">the Great</subfield>
    <subfield code="d">747-814</subfield>
    <subfield code="A">GND</subfield>
    <subfield code="B">GND-118560034</subfield>
    <subfield code="C">400</subfield>
  </datafield>
  <datafield tag="GPN" ind1="0" ind2=" ">
    <subfield code="a">Karl</subfield>
    <subfield code="b">I.</subfield>
    <subfield code="c">Franken, K&#246;nig</subfield>
    <subfield code="d">747-814</subfield>
    <subfield code="A">GND</subfield>
    <subfield code="B">GND-118560034</subfield>
    <subfield code="C">400</subfield>
  </datafield>
  <datafield tag="GPN" ind1="0" ind2=" ">
    <subfield code="a">Carolus</subfield>
    <subfield code="c">Magnus Germanus</subfield>
    <subfield code="d">747-814</subfield>
    <subfield code="A">GND</subfield>
    <subfield code="B">GND-118560034</subfield>
    <subfield code="C">400</subfield>
  </datafield>
  <datafield tag="GPN" ind1="0" ind2=" ">
    <subfield code="a">Charlemaigne</subfield>
    <subfield code="d">747-814</subfield>
    <subfield code="A">GND</subfield>
    <subfield code="B">GND-118560034</subfield>
    <subfield code="C">400</subfield>
  </datafield>
  <datafield tag="GPN" ind1="0" ind2=" ">
    <subfield code="a">Searlus</subfield>
    <subfield code="c">M&#243;r</subfield>
    <subfield code="d">747-814</subfield>
    <subfield code="A">GND</subfield>
    <subfield code="B">GND-118560034</subfield>
    <subfield code="C">400</subfield>
  </datafield>
  <datafield tag="GPN" ind1="0" ind2=" ">
    <subfield code="a">Charlemaine</subfield>
    <subfield code="d">747-814</subfield>
    <subfield code="A">GND</subfield>
    <subfield code="B">GND-118560034</subfield>
    <subfield code="C">400</subfield>
  </datafield>
  <datafield tag="GPN" ind1="0" ind2=" ">
    <subfield code="a">Carlomagno</subfield>
    <subfield code="d">747-814</subfield>
    <subfield code="A">GND</subfield>
    <subfield code="B">GND-118560034</subfield>
    <subfield code="C">400</subfield>
  </datafield>
  <datafield tag="GPN" ind1="0" ind2=" ">
    <subfield code="a">Charles</subfield>
    <subfield code="c">le Grand</subfield>
    <subfield code="d">747-814</subfield>
    <subfield code="A">GND</subfield>
    <subfield code="B">GND-118560034</subfield>
    <subfield code="C">400</subfield>
  </datafield>
  <datafield tag="GSI" ind1="7" ind2=" ">
    <subfield code="a">118560034</subfield>
    <subfield code="0">http://d-nb.info/gnd/118560034</subfield>
    <subfield code="2">gnd</subfield>
    <subfield code="A">GND</subfield>
    <subfield code="B">GND-118560034</subfield>
    <subfield code="C">024</subfield>
  </datafield>
</record>